<?xml version="1.0" encoding="UTF-8"?><collection xmlns="http://www.loc.gov/MARC21/slim"><record><leader>00693nam--2200181-i-4500</leader><controlfield tag="001">000034036</controlfield><controlfield tag="002">20161230</controlfield><controlfield tag="005">20161230201039</controlfield><controlfield tag="008">060222s1000------------r-----000-0-eng-d</controlfield><datafield ind1=" " ind2=" " tag="020"><subfield code="a">0854981225</subfield></datafield><datafield ind1=" " ind2=" " tag="080"><subfield code="a">537.311.322(061.3)</subfield></datafield><datafield ind1="1" ind2=" " tag="110"><subfield code="a">Institute Of Physics, England</subfield></datafield><datafield ind1="1" ind2="0" tag="245"><subfield code="a">Solid state devices, 1976</subfield><subfield code="b">Seven invited papers presented at the sixth european solid state device research conference (essderc) held at tecchnische universitat, munchen, 13-16 september 1976, edited by r. muller and e. lange</subfield></datafield><datafield ind1=" " ind2=" " tag="260"><subfield code="a">Bristol</subfield><subfield code="b">The Institute Of Physics</subfield><subfield code="c">1977</subfield></datafield><datafield ind1=" " ind2=" " tag="300"><subfield code="a">140P</subfield></datafield><datafield ind1=" " ind2=" " tag="490"><subfield code="a">Conference Series</subfield><subfield code="v">Number 32</subfield></datafield><datafield ind1=" " ind2=" " tag="852"><subfield code="a">45625</subfield><subfield code="c">537.311.33</subfield></datafield><datafield ind1=" " ind2=" " tag="CAT"><subfield code="a">Sys</subfield><subfield code="c">20110725</subfield><subfield code="h">121757</subfield></datafield></record></collection>